% This is bib
%
@article{F1,
author = {Brazhnikov, M. Yu. and Abdurakhimov, L. V. and Filatov, S. V. and Levchenko, A. A.},
journal = {JEPT Letters},
number = {1},
pages = {34--36},
volume = {93},
year = {2011}
}

@article{F2,
language = {russian},
author = {Абдурахимов, Л.В. and Бражников, М.Ю. and Левченко, А.А. and Ремизов, И.А. and Филатов, С.В.},
journal = {Письма в ЖЭТФ},
number = {12},
pages = {751--760},
volume = {95},
year = {2012}
}

@article{F3,
language = {russian},
author = {Абдурахимов, Л.В. and Бражников, М.Ю. and Левченко, А.А. and Ремизов, И.А. and Филатов, С.В.},
journal = {Письма в ЖЭТФ},
number = {12},
pages = {751--760},
volume = {95},
year = {2012}
}
@article{F4,
language = {russian},
author = {Филатов, С.В. and Бражников, М.Ю. and Левченко, А.А.},
journal = {ПТЭ},
pages = {107--112},
volume = {1},
year = {2014}
}
@article{F5,
language = {russian},
author = {Филатов, С.В. and Бражников, М.Ю. and Левченко, А.А.},
journal = {Письма в ЖЭТФ},
number = {7},
pages = {486--490},
volume = {102},
year = {2015}
}
@article{F6,
author = {Filatov, S. V. and Parfenyev, V. M. and Vergeles, S. S. and Brazhnikov, M. Yu. and Levchenko, A. A. and Lebedev, V. V.},
journal = {Physical Review Letters},
number = {5},
pages = {054501},
volume = {116},
year = {2016}
}
@article{F7,
language = {russian},
author = {Филатов, С.В. and Бражников, М.Ю. and Левченко, А.А. and Лихтер, А.М.},
journal = {Поверхность},
pages = {69--76},
volume = {10},
year = {2016}
}
@article{F8,
language = {russian},
author = {Филатов, С.В. and Алиев, С.А.. and Левченко, А.А. and Храмов, Д.А.},
journal = {Письма в ЖЭТФ},
pages = {714-720},
number = {10},
volume = {104},
year = {2016}
}


@book{Zakharov,
author = {V.E., Zakharov and {Lvov V.S.} and Fal'kovich, G.E.},
publisher = {Berlin: Springer-Verlag},
title = {{Kolmogorov spectra of turbulence 1}},
year = {1992}
}

@book{land,
language = {russian},
author = {Л.Д. Ландау and Е.М. Лифшиц},
publisher = {М. Физматлит},
title = {{Теоретическая физика, т. 6, Гидродинамика}},
year = {1987}
}

@book{FalkovichBook,
language = {russian},
author = {Г. Фалькович},
publisher = {М.-Ижевск: НИЦ "Регулярная и хаотическая динамика"},
title = {{Современная гидродинамика}},
year = {2014}
}

@book{NonLinearWaves,
language = {russian},
author = {Инфельд Э., Роуландс Дж},
publisher = {пер. с англ. под ред. Е.А. Кузнецова. — 2-е изд. — М.: ФИЗМАТЛИТ},
title = {{Нелинейные волны, солитоны и хаос.}},
year = {2006},
pages = {480}
}

@article{quasiadiabatic,
  author = {Kolmakov, G. V. and Levchenko, A. A. and Brazhnikov, M. Yu. and Mezhov-Deglin, L. P. and Silchenko, A. N. and McClintock, P. V. E.},
  journal = {Phys. Rev. Lett.},
  volume = {93},
  issue = {7},
  pages = {074501},
  year = {2004}
}

@article{Denissenko2007,
  author = {Denissenko, Petr and Lukaschuk, Sergei and Nazarenko, Sergey},
  journal = {Phys. Rev. Lett.},
  volume = {99},
  issue = {1},
  pages = {014501},
  year = {2007},
}



@article{Brazhnikov2017,
author = {M. Yu. Brazhnikov, A. A. Levchenko, L. P. Mezhov-Deglin et al.},
journal = {Low Temperature Physics},
number = {3},
pages = {325--328},
volume = {43},
year = {2017}
}


@article{BrazhnikovWater,
author = {Brazhnikov, M. Yu. and Kolmakov, G. V. and Levchenko, A. A and Mezhov-Deglin, L. P},
journal = {Europhysics Letters (EPL)},
number = {4},
pages = {510--516},
volume = {58},
year = {2002}
}

@article{Abdurakhimov2007,
author = {Brazhnikov, L V Abdurakhimov M Yu and Levchenko, G V Kolmakov A A},
journal = {J Low Temp Phys},
number = {3-4},
pages = {245--249},
volume = {148},
year = {2007}
}

@article{addLowFreq,
author = {Zakharov, V. E. and Filonenko, N. N.},
journal = {J. App. Mech. Tech. Phys.},
number = {5},
pages = {62--67},
volume = {8},
year = {1967}
}

@article{Malkin1984,
author = {Malkin, V M},
journal = {JEPT},
pages = {1263--1272},
volume = {59},
year = {1984}
}

@article{Ryzhenkova1990,
author = {Ryzhenkova, I V and Fal'Kovich, G E},
journal = {JEPT},
pages = {1931--1940},
volume = {71},
year = {1990}
}

@article{Brazhnikov_IET,
author = {Levchenko, A.A. and Brazhnikov, M. Yu. and Mezhov-Deglin, L.P.},
journal = {IET},
number = {6},
pages = {758--763},
volume = {45},
year = {2002}
}

@article{Brazhnikov_bound_freq,
language = {russian},
author = {Бражников, М.Ю. and Колмаков, Г.В. and Левченко, А.А. and Межов-Деглин, Л.П.},
journal = {Письма в ЖЭТФ},
number = {12},
pages = {660--663},
volume = {74},
year = {2001}
}



@article{Kolmakov2006,
author = {Kolmakov, German and Silchenko, Alexander and Mcclintock, Peter},
journal = {Journal of Low Temperature Physics},
number = {January},
pages = {311--335},
volume = {145},
year = {2006}
}

@article{Falcon2007,
author = {Falcon, {\'{E}}ric and Laroche, Claude and Fauve, St{\'{e}}phan},
journal = {Physical Review Letters},
pages = {094503},
volume = {98},
year = {2007}
}

@article{Henry2000,
author = {Henry, E and Alstr{\o}m, P and Levinsen, M T},
journal = {EPL (Europhysics Letters)},
number = {1},
pages = {27},
volume = {52},
year = {2000}
}

@article{Shats2010,
author = {Shats, M. and Punzmann, H. and Xia, H.},
journal = {Physical Review Letters},
pages = {104503},
volume = {104},
year = {2010}
}

@article{VonKameke2011,
author = {{Von Kameke}, A. and Huhn, F. and Fern{\'{a}}ndez-Garc{\'{i}}a, G. and Mu{\~{n}}uzuri, A. P. and P{\'{e}}rez-Mu{\~{n}}uzuri, V.},
journal = {Physical Review Letters},
pages = {074502},
volume = {107},
year = {2011}
}

@article{Havelock1929,
author = {{T.H. Havelock}, F.R.S.},
journal = {Phil. Mag.},
pages = {569},
volume = {8},
year = {1929}
}

@article{Kalinichenko1982,
language = {russian},
author = {В.А. Калиниченко and С.В. Нестеров and Н.Л. Никитин and С.Я. Секерж-Зенькович},
journal = {Изв. АН СССР, ФАО},
number = {4},
pages = {432},
year = {1982}
}

@article{Brazhnikov2002,
annote = {NULL},
author = {Levchenko, A.A. and Brazhnikov, M. Yu. and Mezhov-Deglin, L.P.},
journal = {IET},
number = {6},
pages = {758--763},
volume = {45},
year = {2002}
}

@article{Miles1990,
author = {J. Miles and D. Henderson},
journal = { Annu. Rev. Fluid Mech.},
number = {22},
pages = {143},
year = {1990}
}

@article{Brazhnikov2001,
language = {russian},
author = {Бражников, М.Ю. and Колмаков, Г.В. and Левченко, А.А. and Межов-Деглин, Л.П.},
journal = {Письма в ЖЭТФ},
number = {8},
pages = {433--446},
volume = {73},
year = {2001}
}



@article{Brazhnikov_liq_hydr,
language = {russian},
author = {Бражников, М.Ю. and Колмаков, Г.В. and Левченко, А.А.},
journal = {ЖЭТФ},
number = {3(9)},
pages = {521--529},
volume = {122},
year = {2002}
}

@article{Kartashova1991,
journal = {Physica D: Nonlinear Phenomena},
volume = {54},
number = {1},
pages = {125 - 134},
year = {1991},
author = {E.A. Kartashova},
}

@article{Brazhnikov2014,
language = {russian},
author = {Бражников, М.Ю. and Левченко, А.А. and Межов-Деглин, Л.П. and Ремизов, И.А.},
journal = {Письма в ЖЭТФ},
number = {10},
pages = {754--759},
volume = {100},
year = {2014}
}



@article{Aburakhimov2015,
language = {russian},
author = {Абдурахимов, Л.В. and Бражников, М.Ю. and Левченко, А.А. and Лихтер, А.М. and Ремизов, И.А.},
journal = {Low Temperature Physics},
number = {3},
pages = {215--222},
volume = {41},
year = {2015}
}

@article{Fujimura2008,
author = {Fujimura Y., Iino M.},
journal = {J. Appl. Phys.},
pages = {124903},
volume = {103},
year = {2008}
}

@article{Wright1996,
author = {Wright W.B., Budakian R., Putterman S.J.},
journal = {Phys. Rev. Lett.},
pages = {4528},
volume = {76},
year = {1996}
}



@article{Thielicke2014,
author = {Thielicke, William and Stamhuis, Eize J.},
journal = {Journal of Open Research Software},
volume = {},
pages = {2(1):e30},
year = {2014}
}

@article{Faraday1831,
author = {Faraday, M.},
journal = {Phil. Trans. R. Soc. Lond.},
pages = {299--340},
volume = {121},
year = {1831}
}

@article{Ramshankar1990,
author = {R. Ramshankar and D. Berlin and J.P. Gollub},
journal = {Phys. Fluids A},
volume = {2},
pages = {1955},
year = {1990}
}


@article{Stokes1847,
author = {G.G. Stokes},
journal = {Trans. Cambridge Phil. Soc.},
volume = {8},
pages = {441},
year = {1847}
}

@Article{Lukaschuk2007,
author={Lukaschuk, S. and Denissenko, P. and Falkovich, G.},
journal={The European Physical Journal Special Topics},
year={2007},
volume={145},
number={1},
pages={125--136},
}

@article{Francois2013,
author = {Francois, N. and Xia, H. and Punzmann, H. and Shats, M.},
journal = {Physical Review Letters},
pages = {194501},
volume = {110},
year = {2013}
}

@article{Falkovich2009,
volume={638},
journal={Journal of Fluid Mechanics}, 
author={Falkovich, G.},
year={2009},
pages={1–4}
}

@article{Buhler,
volume={638}, 
journal={Journal of Fluid Mechanics},
author={Buhler, O. and Holmes-Cerfon, M.}, 
year={2009}, 
pages={5–26}
}

@article{Punzmann,
author = {Punzmann, Horst and Francois, Nicolas and Xia, Hua and Falkovich, Gregory and Shats, Michael},
journal = {Nature Physics},
pages = {658--663},
volume = {10},
year = {2014}
}


@article{Francois2014,
author = {Francois, N. and Xia, H. and Punzmann, H. and Ramsden, S. and Shats, M.},
journal = {Physical Review X},
pages = {021021},
volume = {4},
year = {2014}
}


@article{Kraichnan1967,
author = {Kraichnan, Robert H.},
journal = {Physics of Fluids},
number = {7},
pages = {1417--1423},
volume = {10},
year = {1967}
}

@article{PIVlab,
author = {Thielicke, William and Stamhuis, Eize J.},
journal = {Journal of Open Research Software},
pages = {2(1):e30},
year = {2014}
}

@article{PIVlab1,
author = {Lawson, John M. and Dawson, James R.},
journal = {Experiments in Fluids},
pages = {1857},
volume = {55},
year = {2014}
}


@article{Mesquita1992,
author = {O.N. Mesquita and S. Kane and J.P. Gollub},
journal = {Phys. Rev. A},
volume = {45},
pages = {3700},
year = {1992}
}

@article{Babiano1995,
author = {Babiano, A. and Dubrulle, B. and Frick, P.},
journal = {Phys. Rev. E},
volume = {52},
issue = {4},
pages = {3719--3729},
year = {1995},
}

@article{Babiano1987, 
volume={183}, 
journal={Journal of Fluid Mechanics},
author={Babiano, Armando and Basdevant, Claude and Legras, Bernard and Sadourny, Robert}, 
year={1987}, 
pages={379–397}
}


@article{Falcovich1988,
language = {russian},
author = {Г.Е. Фалькович, А.Б. Шафаренко},
journal = {ЖЭТФ},
pages = {172},
volume = {94},
year = {1988}
}

@article{Pushkarev1996,
author = {Pushkarev, A. N. and Zakharov, V. E.},
journal = {Phys. Rev. Lett.},
volume = {76},
issue = {18},
pages = {3320--3323},
numpages = {0},
year = {1996},
}




%% End of file bib.