% This is bib
%

@book{Zakharov,
author = {V.E., Zakharov and {Lvov V.S.} and Fal'kovich, G.E.},
file = {:home/fill/.local/share/data/Mendeley Ltd./Mendeley Desktop/Downloaded/V.E., Lvov V.S., Fal'kovich - 1992 - Kolmogorov spectra of turbulence 1.djvu:djvu},
mendeley-groups = {Книги},
publisher = {Berlin: Springer-Verlag},
title = {{Kolmogorov spectra of turbulence 1}},
year = {1992}
}

@book{land,
language = {russian},
author = {Л.Д. Ландау and Е.М. Лифшиц},
publisher = {М. Физматлит},
title = {{Теоретическая физика, т. 6, Гидродинамика}},
year = {1987}
}

@book{FalkovichBook,
language = {russian},
author = {Г. Фалькович},
publisher = {М.-Ижевск: НИЦ "Регулярная и хаотическая динамика"},
title = {{Современная гидродинамика}},
year = {2014}
}

@book{NonLinearWaves,
language = {russian},
author = {Инфельд Э., Роуландс Дж},
publisher = {пер. с англ. под ред. Е.А. Кузнецова. — 2-е изд. — М.: ФИЗМАТЛИТ},
title = {{Нелинейные волны, солитоны и хаос.}},
year = {2006},
pages = {480}
}

@article{quasiadiabatic,
  title = {Quasiadiabatic Decay of Capillary Turbulence on the Charged Surface of Liquid Hydrogen},
  author = {Kolmakov, G. V. and Levchenko, A. A. and Brazhnikov, M. Yu. and Mezhov-Deglin, L. P. and Silchenko, A. N. and McClintock, P. V. E.},
  journal = {Phys. Rev. Lett.},
  volume = {93},
  issue = {7},
  pages = {074501},
  year = {2004}
}

@article{Denissenko2007,
  title = {Gravity Wave Turbulence in a Laboratory Flume},
  author = {Denissenko, Petr and Lukaschuk, Sergei and Nazarenko, Sergey},
  journal = {Phys. Rev. Lett.},
  volume = {99},
  issue = {1},
  pages = {014501},
  year = {2007},
}



@article{Brazhnikov2017,
author = {M. Yu. Brazhnikov, A. A. Levchenko, L. P. Mezhov-Deglin et al.},
doi = {10.1063/1.4979365},
issn = {1063-777X},
journal = {Low Temperature Physics},
mendeley-groups = {Лаба},
number = {3},
pages = {325--328},
title = {{Decay instability of gravity-capillary waves on liquid hydrogen surfaces}},
volume = {43},
year = {2017}
}


@article{BrazhnikovWater,
author = {Brazhnikov, M. Yu. and Kolmakov, G. V. and Levchenko, A. A and Mezhov-Deglin, L. P},
doi = {10.1209/epl/i2002-00425-9},
journal = {Europhysics Letters (EPL)},
number = {4},
pages = {510--516},
title = {{Observation of capillary turbulence on the water surface in a wide range of frequencies}},
volume = {58},
year = {2002}
}

@article{Abdurakhimov2007,
author = {Brazhnikov, L V Abdurakhimov M Yu and Levchenko, G V Kolmakov A A},
doi = {10.1007/s10909-007-9377-y},
file = {:media/fill/Work/Articles/ForMendeley/laba/Abdurakhimov2007{\_}Article{\_}TurbulenceOfCapillaryWavesOnTh.pdf:pdf},
journal = {J Low Temp Phys},
mendeley-groups = {Лаба},
number = {3-4},
pages = {245--249},
title = {{Turbulence of Capillary Waves on the Surface of Quantum Liquids}},
volume = {148},
year = {2007}
}

@article{addLowFreq,
author = {Zakharov, V. E. and Filonenko, N. N.},
file = {:media/fill/Work/Articles/ForMendeley/Zakharov-Filonenko1967{\_}Article{\_}WeakTurbulenceOfCapillaryWaves.pdf:pdf},
journal = {J. App. Mech. Tech. Phys.},
mendeley-groups = {Скучная теория},
number = {5},
pages = {62--67},
title = {{Weak turbulence of capillary waves}},
volume = {8},
year = {1967}
}

@article{Malkin1984,
author = {Malkin, V M},
file = {:media/fill/Work/Articles/ForMendeley/e{\_}059{\_}04{\_}0737.pdf:pdf},
journal = {JEPT},
mendeley-groups = {Скучная теория},
pages = {1263--1272},
title = {{Non-linear relaxation of a beam of relativistic electrons in a plasma: the Langmuir condensate}},
volume = {59},
year = {1984}
}

@article{Ryzhenkova1990,
abstract = {wave turbulence wave dissipation ...},
author = {Ryzhenkova, I V and Fal'Kovich, G E},
file = {:media/fill/Work/Articles/ForMendeley/e{\_}071{\_}06{\_}1085.pdf:pdf},
journal = {JEPT},
pages = {1931--1940},
title = {{Effect of dissipation on the structure of a stationary wave turbulence spectrum}},
volume = {71},
year = {1990}
}

@article{Brazhnikov_IET,
annote = {NULL},
author = {Levchenko, A.A. and Brazhnikov, M. Yu. and Mezhov-Deglin, L.P.},
file = {:media/fill/Work/Articles/LQC/iet{\_}brazh.pdf:pdf},
journal = {IET},
mendeley-groups = {Лаба},
number = {6},
pages = {758--763},
title = {{Excitation and Detection of Nonlinear Waves on a Charged Surface of Liquid Hydrogen}},
volume = {45},
year = {2002}
}

@article{Brazhnikov_bound_freq,
language = {russian},
annote = {NULL},
author = {Бражников, М.Ю. and Колмаков, Г.В. and Левченко, А.А. and Межов-Деглин, Л.П.},
doi = {10.1103/PhysRevA.71.012713},
file = {:home/fill/.local/share/data/Mendeley Ltd./Mendeley Desktop/Downloaded/М.Ю. Бражников et al..pdf:pdf},
journal = {Письма в ЖЭТФ},
mendeley-groups = {Лаба},
number = {12},
pages = {660--663},
title = {{Изменение граничной частоты инерционного интервала тербулентности капиллярных волн на поверхности жидкого водорода}},
volume = {74},
year = {2001}
}



@article{Kolmakov2006,
author = {Kolmakov, German and Silchenko, Alexander and Mcclintock, Peter},
doi = {10.1007/s10909-006-9247-z},
file = {:media/fill/Work/Articles/ForMendeley/laba/JLTP1.pdf:pdf},
journal = {Journal of Low Temperature Physics},
mendeley-groups = {Лаба},
number = {January},
pages = {311--335},
title = {{Nonstationary Nonlinear Phenomena on the Charged Surface of Liquid Hydrogen Nonstationary Nonlinear Phenomena on the Charged Surface of Liquid Hydrogen}},
volume = {145},
year = {2006}
}

@article{Falcon2007,
abstract = {We report the observation of the crossover between gravity and capillary wave turbulence on the surface of mercury. The probability density functions of the turbulent wave height are found to be asymmetric and thus non-Gaussian. The surface wave height displays power-law spectra in both regimes. In the capillary region, the exponent is in fair agreement with weak turbulence theory. In the gravity region, it depends on the forcing parameters. This can be related to the finite size of the container. In addition, the scaling of those spectra with the mean energy flux is found in disagreement with weak turbulence theory for both regimes.},
archivePrefix = {arXiv},
arxivId = {cond-mat/0610297},
author = {Falcon, {\'{E}}ric and Laroche, Claude and Fauve, St{\'{e}}phan},
doi = {10.1103/PhysRevLett.98.094503},
eprint = {0610297},
file = {:home/fill/.local/share/data/Mendeley Ltd./Mendeley Desktop/Downloaded/Falcon, Laroche, Fauve - 2007 - Observation of gravity-capillary wave turbulence.pdf:pdf},
issn = {00319007},
journal = {Physical Review Letters},
mendeley-groups = {Ссылки из диссера},
pages = {094503},
pmid = {17359160},
primaryClass = {cond-mat},
title = {{Observation of gravity-capillary wave turbulence}},
volume = {98},
year = {2007}
}

@article{Henry2000,
author = {Henry, E and Alstr{\o}m, P and Levinsen, M T},
file = {:home/fill/.local/share/data/Mendeley Ltd./Mendeley Desktop/Downloaded/Henry, Alstr{\o}m, Levinsen - 2000 - Prevalence of weak turbulence in strongly driven surface ripples.pdf:pdf},
journal = {EPL (Europhysics Letters)},
mendeley-groups = {Ссылки из диссера},
number = {1},
pages = {27},
title = {{Prevalence of weak turbulence in strongly driven surface ripples}},
url = {http://stacks.iop.org/0295-5075/52/i=1/a=027},
volume = {52},
year = {2000}
}

@article{Shats2010,
author = {Shats, M. and Punzmann, H. and Xia, H.},
doi = {10.1103/PhysRevLett.104.104503},
eprint = {1003.0478},
issn = {00319007},
journal = {Physical Review Letters},
pages = {104503},
pmid = {20366432},
title = {{Capillary rogue waves}},
volume = {104},
year = {2010}
}

@article{VonKameke2011,
author = {{Von Kameke}, A. and Huhn, F. and Fern{\'{a}}ndez-Garc{\'{i}}a, G. and Mu{\~{n}}uzuri, A. P. and P{\'{e}}rez-Mu{\~{n}}uzuri, V.},
doi = {10.1103/PhysRevLett.107.074502},
issn = {00319007},
journal = {Physical Review Letters},
mendeley-groups = {Ссылки из Шатса},
pages = {074502},
title = {{Double Cascade Turbulence and Richardson Dispersion in a Horizontal Fluid Flow Induced by Faraday Waves}},
volume = {107},
year = {2011}
}

@article{Havelock1929,
author = {{T.H. Havelock}, F.R.S.},
doi = {10.1080/14786441008564913},
file = {:media/fill/Work/Articles/ForMendeley/LIX Forced surface waves on water.pdf:pdf},
journal = {Phil. Mag.},
mendeley-groups = {Скучная теория},
pages = {569},
title = {{Forced surface-waves on water}},
volume = {8},
year = {1929}
}

@article{Kalinichenko1982,
language = {russian},
author = {В.А. Калиниченко and С.В. Нестеров and Н.Л. Никитин and С.Я. Секерж-Зенькович},
journal = {Изв. АН СССР, ФАО},
number = {4},
pages = {432},
year = {1982}
}

@article{Brazhnikov2002,
annote = {NULL},
author = {Levchenko, A.A. and Brazhnikov, M. Yu. and Mezhov-Deglin, L.P.},
file = {:media/fill/Work/Articles/LQC/iet{\_}brazh.pdf:pdf},
journal = {IET},
mendeley-groups = {Лаба},
number = {6},
pages = {758--763},
title = {{Excitation and Detection of Nonlinear Waves on a Charged Surface of Liquid Hydrogen}},
volume = {45},
year = {2002}
}

@article{Miles1990,
author = {J. Miles and D. Henderson},
journal = { Annu. Rev. Fluid Mech.},
number = {22},
pages = {143},
year = {1990}
}

@article{Brazhnikov2001,
language = {russian},
annote = {NULL},
author = {Бражников, М.Ю. and Колмаков, Г.В. and Левченко, А.А. and Межов-Деглин, Л.П.},
file = {:home/fill/.local/share/data/Mendeley Ltd./Mendeley Desktop/Downloaded/М.Ю. Бражников et al. - 2001 - Капиллярная турбулентность на поверхности.pdf:pdf},
journal = {Письма в ЖЭТФ},
keywords = {as it is removed,by being stockpiled outdoors,fresh,from a commercial,in a field for,is,mushroom production facility and,not,static-aged,the material obtained directly},
mendeley-groups = {Лаба},
number = {8},
pages = {433--446},
title = {{Капиллярная турбулентность на поверхности жидкого водорода}},
volume = {73},
year = {2001}
}



@article{Brazhnikov_liq_hydr,
language = {russian},
annote = {NULL},
author = {Бражников, М.Ю. and Колмаков, Г.В. and Левченко, А.А.},
file = {:home/fill/.local/share/data/Mendeley Ltd./Mendeley Desktop/Downloaded/Бражников, Колмаков, А.А. Левченко - 2002 - Турбулен.pdf:pdf},
journal = {ЖЭТФ},
mendeley-groups = {Лаба},
number = {3(9)},
pages = {521--529},
title = {{Турбулентность капиллярных волн на поверхности жидкого водорода}},
volume = {122},
year = {2002}
}

@article{Kartashova1991,
title = {{On properties of weakly nonlinear wave interactions in resonators}},
journal = {Physica D: Nonlinear Phenomena},
volume = {54},
number = {1},
pages = {125 - 134},
year = {1991},
issn = {0167-2789},
doi = {https://doi.org/10.1016/0167-2789(91)90112-M},
author = {E.A. Kartashova},
}

@article{Brazhnikov2014,
language = {russian},
author = {Бражников, М.Ю. and Левченко, А.А. and Межов-Деглин, Л.П. and Ремизов, И.А.},
doi = {10.7868/S0370274X14220147},
journal = {Письма в ЖЭТФ},
number = {10},
pages = {754--759},
title = {{Низкочастотные субгармоники в турбулентном спектре на поверхности жидкого водорода}},
volume = {100},
year = {2014}
}



@article{Aburakhimov2015,
language = {russian},
author = {Абдурахимов, Л.В. and Бражников, М.Ю. and Левченко, А.А. and Лихтер, А.М. and Ремизов, И.А.},
journal = {Low Temperature Physics},
number = {3},
pages = {215--222},
title = {{Формирование низкочастотных гармоник на поверхности жидкого водорода и гелия в турбулентном режиме}},
volume = {41},
year = {2015}
}

@article{Fujimura2008,
author = {Fujimura Y., Iino M.},
journal = {J. Appl. Phys.},
pages = {124903},
volume = {103},
year = {2008}
}

@article{Wright1996,
author = {Wright W.B., Budakian R., Putterman S.J.},
journal = {Phys. Rev. Lett.},
pages = {4528},
volume = {76},
year = {1996}
}



@article{Thielicke2014,
author = {Thielicke, William and Stamhuis, Eize J.},
doi = {10.5334/jors.bl},
isbn = {2049-9647},
issn = {2049-9647},
journal = {Journal of Open Research Software},
keywords = {direct cross correla -,discrete fourier transform,flow analysis,fluid dynamics,histogram,interpolation,matlab,particle image velocimetry,piv,sub-pixel peak finding,tion,window deformation},
title = {{PIVlab - Towards User-friendly, Affordable and Accurate Digital Particle Image Velocimetry in MATLAB}},
volume = {},
pages = {2(1):e30},
year = {2014}
}

@article{Faraday1831,
author = {Faraday, M.},
doi = {10.1098/rstl.1831.0018},
journal = {Phil. Trans. R. Soc. Lond.},
pages = {299--340},
title = {{On a Peculiar Class of Acoustical Figures; and on Certain Forms Assumed by Groups of Particles upon Vibrating Elastic Surfaces}},
volume = {121},
year = {1831}
}

@article{Ramshankar1990,
author = {R. Ramshankar and D. Berlin and J.P. Gollub},
journal = {Phys. Fluids A},
volume = {2},
pages = {1955},
year = {1990}
}


@article{Stokes1847,
author = {G.G. Stokes},
journal = {Trans. Cambridge Phil. Soc.},
volume = {8},
pages = {441},
year = {1847}
}

@Article{Lukaschuk2007,
author={Lukaschuk, S. and Denissenko, P. and Falkovich, G.},
title={{Nodal patterns of floaters in surface waves}},
journal={The European Physical Journal Special Topics},
year={2007},
volume={145},
number={1},
pages={125--136},
doi={10.1140/epjst/e2007-00151-6},
}

@article{Francois2013,
author = {Francois, N. and Xia, H. and Punzmann, H. and Shats, M.},
doi = {10.1103/PhysRevLett.110.194501},
journal = {Physical Review Letters},
mendeley-groups = {Шатс,Ссылки из Шатса},
pages = {194501},
title = {{Inverse energy cascade and emergence of large coherent vortices in turbulence driven by Faraday waves}},
volume = {110},
year = {2013}
}

@article{Falkovich2009,
title={{Could waves mix the ocean?}},
volume={638},
DOI={10.1017/S0022112009991984}, 
journal={Journal of Fluid Mechanics}, 
author={Falkovich, G.},
year={2009},
pages={1–4}
}

@article{Buhler,
title={{Particle dispersion by random waves in rotating shallow water}}, 
volume={638}, 
DOI={10.1017/S0022112009991091},
journal={Journal of Fluid Mechanics},
author={Buhler, O. and Holmes-Cerfon, M.}, 
year={2009}, 
pages={5–26}
}

@article{Punzmann,
author = {Punzmann, Horst and Francois, Nicolas and Xia, Hua and Falkovich, Gregory and Shats, Michael},
journal = {Nature Physics},
pages = {658--663},
title = {{Generation and reversal of surface flows by propagating waves}},
volume = {10},
year = {2014}
}


@article{Francois2014,
author = {Francois, N. and Xia, H. and Punzmann, H. and Ramsden, S. and Shats, M.},
doi = {10.1103/PhysRevX.4.021021},
eprint = {1403.7880},
journal = {Physical Review X},
keywords = {fluid dynamics,nonlinear dynamics},
pages = {021021},
title = {{Three-dimensional fluid motion in faraday waves: Creation of vorticity and generation of two-dimensional turbulence}},
volume = {4},
year = {2014}
}


@article{Kraichnan1967,
author = {Kraichnan, Robert H.},
doi = {10.1063/1.1762301},
isbn = {00319171},
issn = {10706631},
journal = {Physics of Fluids},
number = {7},
pages = {1417--1423},
pmid = {25246403},
title = {{Inertial ranges in two-dimensional turbulence}},
volume = {10},
year = {1967}
}

@article{PIVlab,
author = {Thielicke, William and Stamhuis, Eize J.},
journal = {Journal of Open Research Software},
pages = {2(1):e30},
title = {{PIVlab – Towards User-friendly, Affordable and Accurate Digital Particle Image Velocimetry in MATLAB}},
year = {2014}
}

@article{PIVlab1,
author = {Lawson, John M. and Dawson, James R.},
journal = {Experiments in Fluids},
pages = {1857},
title = {{A scanning PIV method for fine-scale turbulence measurements}},
volume = {55},
year = {2014}
}


@article{Mesquita1992,
author = {O.N. Mesquita and S. Kane and J.P. Gollub},
journal = {Phys. Rev. A},
volume = {45},
pages = {3700},
year = {1992}
}

@article{Babiano1995,
  title = {{Scaling properties of numerical two-dimensional turbulence}},
  author = {Babiano, A. and Dubrulle, B. and Frick, P.},
  journal = {Phys. Rev. E},
  volume = {52},
  issue = {4},
  pages = {3719--3729},
  year = {1995},
}

@article{Babiano1987, 
title={{Vorticity and passive-scalar dynamics in two-dimensional turbulence}},
volume={183}, 
journal={Journal of Fluid Mechanics},
author={Babiano, Armando and Basdevant, Claude and Legras, Bernard and Sadourny, Robert}, 
year={1987}, 
pages={379–397}
}


@article{Falcovich1988,
language = {russian},
author = {Г.Е. Фалькович, А.Б. Шафаренко},
journal = {ЖЭТФ},
pages = {172},
title = {{Формирование низкочастотных гармоник на поверхности жидкого водорода и гелия в турбулентном режиме}},
volume = {94},
year = {1988}
}

@article{Pushkarev1996,
title = {Turbulence of Capillary Waves},
author = {Pushkarev, A. N. and Zakharov, V. E.},
journal = {Phys. Rev. Lett.},
volume = {76},
issue = {18},
pages = {3320--3323},
numpages = {0},
year = {1996},
}




%% End of file bib.